@book{McElreath,
	author={Richard McElreath},
	year={2020},
	title={Statistical rethinking: A bayesian course with examples in R and STAN},
	publisher={CRC Press},
	edition={2}
}
@article{Min-Max,
	author={Loukas Serafeim},
	year={2020},
	month={May},
	title={Everything you need to know about Min-Max normalization},
	journal={Towards Data Science},
	url={https://towardsdatascience.com/everything-you-need-to-know-about-min-max-normalization-in-python-b79592732b79}
}
@article{COVID-19-data-hub,
	author={Emanuele Guidotti and David Ardia},
	year={2020},
	title={COVID-19 data hub},
	journal={Journal of Open Source Software},
	volume={5},
	number={51},
	pages={2376}
}
@article{exit-polls2,
	author={Jens Olav Dahlgaard and Jonas Hedegaard Hansen and Kasper M. Hansen and Martin V. Larsen},
	year={2016},
	title={How are voters influenced by opinion polls? The effect of polls on voting behavior and party sympathy},
	journal={World Political Science},
	volume={12},
	number={2},
	pages={283-300}
}
@article{exit-polls2,
	author={Rebecca B. Morton and Daniel Muller and Lionel Page and Benno Torgler},
	year={2015},
	title={Exit polls, turnout, and bandwagon voting: Evidence from a natural experiment},
	journal={European Economic Review},
	volume={77},
	pages={65-81}
}
@article{exit-polls3,
	author={Seymour Sudman},
	year={1986},
	title={Do exit polls influence voting behavior?},
	journal={Public opinion quarterly},
	volume={50},
	number={3},
	pages={331-339}
}
@misc{Luke-Muehlhauser,
	author = 	 {Luke Muehlhauser},
	year = 	 {2019},
	month = 	 {Oct},
	title = 	 {How Feasible Is Long-range Forecasting?},
	url = 	 {https://www.openphilanthropy.org/blog/how-feasible-long-range-forecasting}
}
@article{dengue,
	author={Myriam Gharbi and Philippe Quenel and JoÃ«l Gustave and Sylvie Cassadou and Guy La Ruche and Laurent Girdary and Laurence Marrama},
	year={2011},
	title={Time series analysis of dengue incidence in Guadeloupe, French West Indies: forecasting models using climate variables as predictors},
	journal={BMC infectious diseases},
	volume={11},
	number={1},
	pages={1-13}
}
@book{fpp3,
	author={R. J. Hyndman and G. Athanasopoulos},
	year={2021},
	title={Forecasting: Principles and Practice},
	publisher={OTexts},
	address={Melbourne, Australia},
	edition={3}
}
@book{Chatfield,
	author={Chris Chatfield},
	year={2000},
	title={Time-series forecasting},
	publisher={CRC press}
}
@misc{time_series_pandas,
	author = 	 {Ehi Aigiomawu},
	year = 	 {2018},
	month = 	 {Oct 8},
	title = 	 {Analyzing time series data in Pandas},
	url = 	 {https://towardsdatascience.com/analyzing-time-series-data-in-pandas-be3887fdd621}
}
@article{gelman2020bayesian,
  title={Bayesian workflow},
  author={Gelman, Andrew and Vehtari, Aki and Simpson, Daniel and Margossian, Charles C and Carpenter, Bob and Yao, Yuling and Kennedy, Lauren and Gabry, Jonah and B{\"u}rkner, Paul-Christian and Modr{\'a}k, Martin},
  journal={arXiv preprint arXiv:2011.01808},
  year={2020}
}
@book{martin2018bayesian,
  title={Bayesian analysis with Python: introduction to statistical modeling and probabilistic programming using PyMC3 and ArviZ},
  author={Martin, Osvaldo},
  year={2018},
  publisher={Packt Publishing Ltd}
}
@misc{Salvatier_2020_a_primer,
	author = 	 {Salvatier, John and Wiecki, Thomas V and Fonnesbeck, Christopher},
	year = 	 {2020},
	month = 	 {Jun},
	title = 	 {A Primer on Bayesian Methods for Multilevel Modeling},
	url = 	 {https://docs.pymc.io/notebooks/multilevel_modeling.html?fbclid=IwAR04hRWSwWdHApMLIddl7K0Bb_eAjdUulZQQbqGoy4RSHfUMgUtrWvckpHI}
}
@article{Hao_ho,
	author={Jiangang Hao and Tin Kam Ho},
	year={2019},
	title={Machine learning made easy: A review of scikit-learn package in Python programming language},
	journal={Journal of Educational and Behavioral Statistics},
	volume={44},
	number={3},
	pages={348-361}
}
@book{Python_main,
 author = {Van Rossum, Guido and Drake, Fred L.},
 title = {Python 3 Reference Manual},
 year = {2009},
 isbn = {1441412697},
 publisher = {CreateSpace},
 address = {Scotts Valley, CA}
}
@misc{Brownlee,
	author = 	 {Jason Brownlee},
	year = 	 {2020},
	month = 	 {Aug},
	title = 	 {Train-Test Split for Evaluating Machine Learning Algorithms},
	url = 	 {https://machinelearningmastery.com/train-test-split-for-evaluating-machine-learning-algorithms/}
}
@article{taylor2018forecasting,
  title={Forecasting at scale},
  author={Taylor, Sean J and Letham, Benjamin},
  journal={The American Statistician},
  volume={72},
  number={1},
  pages={37--45},
  year={2018},
  publisher={Taylor \& Francis}
}
@article{gilchrist1967methods,
  title={Methods of estimation involving discounting},
  author={Gilchrist, Warren G},
  journal={Journal of the Royal Statistical Society: Series B (Methodological)},
  volume={29},
  number={2},
  pages={355--369},
  year={1967},
  publisher={Wiley Online Library}
}
@article{scikit-learn,
 title={Scikit-learn: Machine Learning in {P}ython},
 author={Pedregosa, F. and Varoquaux, G. and Gramfort, A. and Michel, V.
         and Thirion, B. and Grisel, O. and Blondel, M. and Prettenhofer, P.
         and Weiss, R. and Dubourg, V. and Vanderplas, J. and Passos, A. and
         Cournapeau, D. and Brucher, M. and Perrot, M. and Duchesnay, E.},
 journal={Journal of Machine Learning Research},
 volume={12},
 pages={2825--2830},
 year={2011}
}
@Manual{feasts_package,
    title = {feasts: Feature Extraction and Statistics for Time Series},
    author = {Mitchell O'Hara-Wild and Rob Hyndman and Earo Wang},
    year = {2021},
    note = {R package version 0.1.7},
    url = {https://CRAN.R-project.org/package=feasts},
  }
  @Manual{fable_package,
    title = {fable: Forecasting Models for Tidy Time Series},
    author = {Mitchell O'Hara-Wild and Rob Hyndman and Earo Wang},
    year = {2021},
    note = {R package version 0.3.0},
    url = {https://CRAN.R-project.org/package=fable},
  }
  @article{pymc3,
  title={Probabilistic programming in Python using PyMC3},
  author={Salvatier, John and Wiecki, Thomas V and Fonnesbeck, Christopher},
  journal={PeerJ Computer Science},
  volume={2},
  pages={e55},
  year={2016},
  publisher={PeerJ Inc.}
}